%% This BibTeX bibliography file was created using BibDesk.
%% http://bibdesk.sourceforge.net/


%% Created for Nick Nichols at 2012-09-25 19:10:39 -0500 


%% Saved with string encoding Unicode (UTF-8) 



@article{Deb99,
	Author = {Deb, K. and Agrawal, S.},
	Date-Added = {2012-09-25 19:08:01 -0500},
	Date-Modified = {2012-09-25 19:09:41 -0500},
	Journal = {Foundations of Genetic Algorithms},
	Pages = {265--286},
	Title = {Understanding interactions among genetic algorithm parameters},
	Year = {1999},
	Bdsk-File-1 = {YnBsaXN0MDDUAQIDBAUGCQpYJHZlcnNpb25UJHRvcFkkYXJjaGl2ZXJYJG9iamVjdHMSAAGGoNEHCFRyb290gAFfEA9OU0tleWVkQXJjaGl2ZXKoCwwXGBkdJCVVJG51bGzTDQ4PEBEUViRjbGFzc1dOUy5rZXlzWk5TLm9iamVjdHOAB6ISE4ACgAOiFRaABIAGWWFsaWFzRGF0YVxyZWxhdGl2ZVBhdGjSDRobHFdOUy5kYXRhgAVPEQIUAAAAAAIUAAIAAARob21lAAAAAAAAAAAAAAAAAAAAAAAAAAAAAAAAAAAATkoAAf////8eVW5kZXJzdGFuZGluZyBJbnRlcmFjdGlvbnMucGRmAAAAAAAAAAAAAAAAAAAAAAAAAAAAAAAAAAAAAAAAAAAA/////wAAAAAAAAAAAAAAAAABAAIAABKBY3UAAAAAAAAAAAAAAAAAB1NvdXJjZXMAAAIAbS86TmV0d29yazpTZXJ2ZXJzOnN1bjpleHBvcnQ6aG9tZTpOOm5uaWNob2xzOkNvbXB1dGVyX1NjaWVuY2U6UmVzZWFyY2g6U291cmNlczpVbmRlcnN0YW5kaW5nIEludGVyYWN0aW9ucy5wZGYAAA4APgAeAFUAbgBkAGUAcgBzAHQAYQBuAGQAaQBuAGcAIABJAG4AdABlAHIAYQBjAHQAaQBvAG4AcwAuAHAAZABmAA8ACgAEAGgAbwBtAGUAEgBML04vbm5pY2hvbHMvQ29tcHV0ZXJfU2NpZW5jZS9SZXNlYXJjaC9Tb3VyY2VzL1VuZGVyc3RhbmRpbmcgSW50ZXJhY3Rpb25zLnBkZgATACAvTmV0d29yay9TZXJ2ZXJzL3N1bi9leHBvcnQvaG9tZQAJAC0ALWNyYm0AAHBvc3gvTmV0d29yay9TZXJ2ZXJzL3N1bi9leHBvcnQvaG9tZQAAABUAAgAr//8AANIeHyAhWCRjbGFzc2VzWiRjbGFzc25hbWWjISIjXU5TTXV0YWJsZURhdGFWTlNEYXRhWE5TT2JqZWN0XxApLi4vU291cmNlcy9VbmRlcnN0YW5kaW5nIEludGVyYWN0aW9ucy5wZGbSHh8mJ6InI1xOU0RpY3Rpb25hcnkACAARABoAHwApADIANwA6AD8AQQBTAFwAYgBpAHAAeACDAIUAiACKAIwAjwCRAJMAnQCqAK8AtwC5AtEC1gLfAuoC7gL8AwMDDAM4Az0DQAAAAAAAAAIBAAAAAAAAACgAAAAAAAAAAAAAAAAAAANN}}

@article{Eiben03,
	Author = {Eiben, A.E.},
	Date-Added = {2012-09-25 10:16:06 -0500},
	Date-Modified = {2012-09-25 10:18:32 -0500},
	Journal = {Advances in evolutionary computing},
	Pages = {175--192},
	Title = {Multiparent recombination in evolutionary computing},
	Year = {2003},
	Bdsk-File-1 = {YnBsaXN0MDDUAQIDBAUGCQpYJHZlcnNpb25UJHRvcFkkYXJjaGl2ZXJYJG9iamVjdHMSAAGGoNEHCFRyb290gAFfEA9OU0tleWVkQXJjaGl2ZXKoCwwXGBkdJCVVJG51bGzTDQ4PEBEUViRjbGFzc1dOUy5rZXlzWk5TLm9iamVjdHOAB6ISE4ACgAOiFRaABIAGWWFsaWFzRGF0YVxyZWxhdGl2ZVBhdGjSDRobHFdOUy5kYXRhgAVPEQI0AAAAAAI0AAIAAARob21lAAAAAAAAAAAAAAAAAAAAAAAAAAAAAAAAAAAATkoAAf////8fQWR2YW5jZXMgaW4gRXZvbHV0I0ZGRkZGRkZGLnBkZgAAAAAAAAAAAAAAAAAAAAAAAAAAAAAAAAAAAAAAAAAA/////wAAAAAAAAAAAAAAAAABAAIAABKBY3UAAAAAAAAAAAAAAAAAB1NvdXJjZXMAAAIAdS86TmV0d29yazpTZXJ2ZXJzOnN1bjpleHBvcnQ6aG9tZTpOOm5uaWNob2xzOkNvbXB1dGVyX1NjaWVuY2U6UmVzZWFyY2g6U291cmNlczpBZHZhbmNlcyBpbiBFdm9sdXRpb25hcnkgQ29tcHV0aW5nLnBkZgAADgBOACYAQQBkAHYAYQBuAGMAZQBzACAAaQBuACAARQB2AG8AbAB1AHQAaQBvAG4AYQByAHkAIABDAG8AbQBwAHUAdABpAG4AZwAuAHAAZABmAA8ACgAEAGgAbwBtAGUAEgBUL04vbm5pY2hvbHMvQ29tcHV0ZXJfU2NpZW5jZS9SZXNlYXJjaC9Tb3VyY2VzL0FkdmFuY2VzIGluIEV2b2x1dGlvbmFyeSBDb21wdXRpbmcucGRmABMAIC9OZXR3b3JrL1NlcnZlcnMvc3VuL2V4cG9ydC9ob21lAAkALQAtY3JibQAAcG9zeC9OZXR3b3JrL1NlcnZlcnMvc3VuL2V4cG9ydC9ob21lAAAAFQACACv//wAA0h4fICFYJGNsYXNzZXNaJGNsYXNzbmFtZaMhIiNdTlNNdXRhYmxlRGF0YVZOU0RhdGFYTlNPYmplY3RfEDEuLi9Tb3VyY2VzL0FkdmFuY2VzIGluIEV2b2x1dGlvbmFyeSBDb21wdXRpbmcucGRm0h4fJieiJyNcTlNEaWN0aW9uYXJ5AAgAEQAaAB8AKQAyADcAOgA/AEEAUwBcAGIAaQBwAHgAgwCFAIgAigCMAI8AkQCTAJ0AqgCvALcAuQLxAvYC/wMKAw4DHAMjAywDYANlA2gAAAAAAAACAQAAAAAAAAAoAAAAAAAAAAAAAAAAAAADdQ==}}

@article{Eiben97,
	Author = {Eiben, A.E. and B{\"a}ck, T.},
	Date-Added = {2012-09-25 10:14:34 -0500},
	Date-Modified = {2012-09-25 10:15:48 -0500},
	Journal = {Evolutionary Computation},
	Number = {3},
	Pages = {347--365},
	Title = {Empirical investigation of multiparent recombination operators in evolution strategies},
	Volume = {5},
	Year = {1997},
	Bdsk-File-1 = {YnBsaXN0MDDUAQIDBAUGCQpYJHZlcnNpb25UJHRvcFkkYXJjaGl2ZXJYJG9iamVjdHMSAAGGoNEHCFRyb290gAFfEA9OU0tleWVkQXJjaGl2ZXKoCwwXGBkdJCVVJG51bGzTDQ4PEBEUViRjbGFzc1dOUy5rZXlzWk5TLm9iamVjdHOAB6ISE4ACgAOiFRaABIAGWWFsaWFzRGF0YVxyZWxhdGl2ZVBhdGjSDRobHFdOUy5kYXRhgAVPEQKUAAAAAAKUAAIAAARob21lAAAAAAAAAAAAAAAAAAAAAAAAAAAAAAAAAAAATkoAAf////8fRW1wZXJpY2FsIEludmVzdGlnI0ZGRkZGRkZGLnBkZgAAAAAAAAAAAAAAAAAAAAAAAAAAAAAAAAAAAAAAAAAA/////wAAAAAAAAAAAAAAAAABAAIAABKBY3UAAAAAAAAAAAAAAAAAB1NvdXJjZXMAAAIAjS86TmV0d29yazpTZXJ2ZXJzOnN1bjpleHBvcnQ6aG9tZTpOOm5uaWNob2xzOkNvbXB1dGVyX1NjaWVuY2U6UmVzZWFyY2g6U291cmNlczpFbXBlcmljYWwgSW52ZXN0aWdhdGlvbnMgb2YgTXVsdGlwYXJlbnQgR2VuZXRpYyBBbGdvcml0aG1zLnBkZgAADgB+AD4ARQBtAHAAZQByAGkAYwBhAGwAIABJAG4AdgBlAHMAdABpAGcAYQB0AGkAbwBuAHMAIABvAGYAIABNAHUAbAB0AGkAcABhAHIAZQBuAHQAIABHAGUAbgBlAHQAaQBjACAAQQBsAGcAbwByAGkAdABoAG0AcwAuAHAAZABmAA8ACgAEAGgAbwBtAGUAEgBsL04vbm5pY2hvbHMvQ29tcHV0ZXJfU2NpZW5jZS9SZXNlYXJjaC9Tb3VyY2VzL0VtcGVyaWNhbCBJbnZlc3RpZ2F0aW9ucyBvZiBNdWx0aXBhcmVudCBHZW5ldGljIEFsZ29yaXRobXMucGRmABMAIC9OZXR3b3JrL1NlcnZlcnMvc3VuL2V4cG9ydC9ob21lAAkALQAtY3JibQAAcG9zeC9OZXR3b3JrL1NlcnZlcnMvc3VuL2V4cG9ydC9ob21lAAAAFQACACv//wAA0h4fICFYJGNsYXNzZXNaJGNsYXNzbmFtZaMhIiNdTlNNdXRhYmxlRGF0YVZOU0RhdGFYTlNPYmplY3RfEEkuLi9Tb3VyY2VzL0VtcGVyaWNhbCBJbnZlc3RpZ2F0aW9ucyBvZiBNdWx0aXBhcmVudCBHZW5ldGljIEFsZ29yaXRobXMucGRm0h4fJieiJyNcTlNEaWN0aW9uYXJ5AAgAEQAaAB8AKQAyADcAOgA/AEEAUwBcAGIAaQBwAHgAgwCFAIgAigCMAI8AkQCTAJ0AqgCvALcAuQNRA1YDXwNqA24DfAODA4wD2APdA+AAAAAAAAACAQAAAAAAAAAoAAAAAAAAAAAAAAAAAAAD7Q==}}

@inproceedings{Lis97,
	Author = {Lis, J. and Eiben, A.E.},
	Booktitle = {Evolutionary Computation, 1997., IEEE International Conference on},
	Date-Added = {2012-09-25 10:13:00 -0500},
	Date-Modified = {2012-09-25 10:18:41 -0500},
	Organization = {IEEE},
	Pages = {59--64},
	Title = {A multi-sexual genetic algorithm for multiobjective optimization},
	Year = {1997},
	Bdsk-File-1 = {YnBsaXN0MDDUAQIDBAUGCQpYJHZlcnNpb25UJHRvcFkkYXJjaGl2ZXJYJG9iamVjdHMSAAGGoNEHCFRyb290gAFfEA9OU0tleWVkQXJjaGl2ZXKoCwwXGBkdJCVVJG51bGzTDQ4PEBEUViRjbGFzc1dOUy5rZXlzWk5TLm9iamVjdHOAB6ISE4ACgAOiFRaABIAGWWFsaWFzRGF0YVxyZWxhdGl2ZVBhdGjSDRobHFdOUy5kYXRhgAVPEQIgAAAAAAIgAAIAAARob21lAAAAAAAAAAAAAAAAAAAAAAAAAAAAAAAAAAAATkoAAf////8fTXVsdGlzZXh1YWwgR2VuZXRpI0ZGRkZGRkZGLnBkZgAAAAAAAAAAAAAAAAAAAAAAAAAAAAAAAAAAAAAAAAAA/////wAAAAAAAAAAAAAAAAABAAIAABKBY3UAAAAAAAAAAAAAAAAAB1NvdXJjZXMAAAIAcC86TmV0d29yazpTZXJ2ZXJzOnN1bjpleHBvcnQ6aG9tZTpOOm5uaWNob2xzOkNvbXB1dGVyX1NjaWVuY2U6UmVzZWFyY2g6U291cmNlczpNdWx0aXNleHVhbCBHZW5ldGljIEFsZ29yaXRobS5wZGYADgBEACEATQB1AGwAdABpAHMAZQB4AHUAYQBsACAARwBlAG4AZQB0AGkAYwAgAEEAbABnAG8AcgBpAHQAaABtAC4AcABkAGYADwAKAAQAaABvAG0AZQASAE8vTi9ubmljaG9scy9Db21wdXRlcl9TY2llbmNlL1Jlc2VhcmNoL1NvdXJjZXMvTXVsdGlzZXh1YWwgR2VuZXRpYyBBbGdvcml0aG0ucGRmAAATACAvTmV0d29yay9TZXJ2ZXJzL3N1bi9leHBvcnQvaG9tZQAJAC0ALWNyYm0AAHBvc3gvTmV0d29yay9TZXJ2ZXJzL3N1bi9leHBvcnQvaG9tZQAAABUAAgAr//8AANIeHyAhWCRjbGFzc2VzWiRjbGFzc25hbWWjISIjXU5TTXV0YWJsZURhdGFWTlNEYXRhWE5TT2JqZWN0XxAsLi4vU291cmNlcy9NdWx0aXNleHVhbCBHZW5ldGljIEFsZ29yaXRobS5wZGbSHh8mJ6InI1xOU0RpY3Rpb25hcnkACAARABoAHwApADIANwA6AD8AQQBTAFwAYgBpAHAAeACDAIUAiACKAIwAjwCRAJMAnQCqAK8AtwC5At0C4gLrAvYC+gMIAw8DGANHA0wDTwAAAAAAAAIBAAAAAAAAACgAAAAAAAAAAAAAAAAAAANc}}

@webpage{jgap,
	Date-Added = {2012-09-22 15:20:30 -0500},
	Date-Modified = {2012-09-22 15:21:21 -0500},
	Lastchecked = {9/22/2012},
	Url = {http://jgap.sourceforge.net/},
	Year = {2012},
	Bdsk-Url-1 = {http://jgap.sourceforge.net/}}

@book{Neri11,
	Author = {Neri, F. and Cotta, C. and Moscato, P.},
	Date-Added = {2012-09-22 13:35:33 -0500},
	Date-Modified = {2012-09-22 13:36:04 -0500},
	Publisher = {Springer},
	Title = {Handbook of memetic algorithms},
	Year = {2011}}

@book{Eiben08,
	Author = {Eiben, A.E. and Smith, J.E.},
	Date-Added = {2012-09-22 13:34:05 -0500},
	Date-Modified = {2012-09-22 13:34:45 -0500},
	Publisher = {Springer},
	Title = {Introduction to evolutionary computing},
	Year = {2008}}

@article{Kwak11,
	Author = {Kwak, N.S. and Lee, J.},
	Date-Added = {2012-09-22 13:31:10 -0500},
	Date-Modified = {2012-09-22 13:33:07 -0500},
	Journal = {Engineering Optimization},
	Number = {12},
	Pages = {1367-1384},
	Title = {An implementation of new selection strategies in a genetic algorithm--population recombination and elitist refinement},
	Volume = {43},
	Year = {2011}}

@article{Garcia08,
	Author = {Garcia-Martinez, C. and Lozano, M. and Herrera, F. and Molina, D. and S{\'a}nchez, AM},
	Date-Added = {2012-09-22 13:26:51 -0500},
	Date-Modified = {2012-09-22 13:27:37 -0500},
	Journal = {European Journal of Operational Research},
	Number = {3},
	Pages = {1088-1113},
	Title = {Global and local real-coded genetic algorithms based on parent-centric crossover operators},
	Volume = {185},
	Year = {2008},
	Bdsk-File-1 = {YnBsaXN0MDDUAQIDBAUGCQpYJHZlcnNpb25UJHRvcFkkYXJjaGl2ZXJYJG9iamVjdHMSAAGGoNEHCFRyb290gAFfEA9OU0tleWVkQXJjaGl2ZXKoCwwXGBkdJCVVJG51bGzTDQ4PEBEUViRjbGFzc1dOUy5rZXlzWk5TLm9iamVjdHOAB6ISE4ACgAOiFRaABIAGWWFsaWFzRGF0YVxyZWxhdGl2ZVBhdGjSDRobHFdOUy5kYXRhgAVPEQIMAAAAAAIMAAIAAARob21lAAAAAAAAAAAAAAAAAAAAAAAAAAAAAAAAAAAATkoAAf////8cUGFyZW50IENlbnRyaWMgT3BlcmF0b3JzLnBkZgAAAAAAAAAAAAAAAAAAAAAAAAAAAAAAAAAAAAAAAAAAAAAA/////wAAAAAAAAAAAAAAAAABAAIAABKBY3UAAAAAAAAAAAAAAAAAB1NvdXJjZXMAAAIAay86TmV0d29yazpTZXJ2ZXJzOnN1bjpleHBvcnQ6aG9tZTpOOm5uaWNob2xzOkNvbXB1dGVyX1NjaWVuY2U6UmVzZWFyY2g6U291cmNlczpQYXJlbnQgQ2VudHJpYyBPcGVyYXRvcnMucGRmAAAOADoAHABQAGEAcgBlAG4AdAAgAEMAZQBuAHQAcgBpAGMAIABPAHAAZQByAGEAdABvAHIAcwAuAHAAZABmAA8ACgAEAGgAbwBtAGUAEgBKL04vbm5pY2hvbHMvQ29tcHV0ZXJfU2NpZW5jZS9SZXNlYXJjaC9Tb3VyY2VzL1BhcmVudCBDZW50cmljIE9wZXJhdG9ycy5wZGYAEwAgL05ldHdvcmsvU2VydmVycy9zdW4vZXhwb3J0L2hvbWUACQAtAC1jcmJtAABwb3N4L05ldHdvcmsvU2VydmVycy9zdW4vZXhwb3J0L2hvbWUAAAAVAAIAK///AADSHh8gIVgkY2xhc3Nlc1okY2xhc3NuYW1loyEiI11OU011dGFibGVEYXRhVk5TRGF0YVhOU09iamVjdF8QJy4uL1NvdXJjZXMvUGFyZW50IENlbnRyaWMgT3BlcmF0b3JzLnBkZtIeHyYnoicjXE5TRGljdGlvbmFyeQAIABEAGgAfACkAMgA3ADoAPwBBAFMAXABiAGkAcAB4AIMAhQCIAIoAjACPAJEAkwCdAKoArwC3ALkCyQLOAtcC4gLmAvQC+wMEAy4DMwM2AAAAAAAAAgEAAAAAAAAAKAAAAAAAAAAAAAAAAAAAA0M=}}

@article{kaya08,
	Author = {Kaya, M.},
	Date-Added = {2012-09-22 13:23:57 -0500},
	Date-Modified = {2012-09-22 13:25:01 -0500},
	Journal = {Applied Soft Computing},
	Number = {1},
	Pages = {881-890},
	Title = {The effects of two new crossover operators on genetic algorithm performance},
	Volume = {11},
	Year = {2011},
	Bdsk-File-1 = {YnBsaXN0MDDUAQIDBAUGCQpYJHZlcnNpb25UJHRvcFkkYXJjaGl2ZXJYJG9iamVjdHMSAAGGoNEHCFRyb290gAFfEA9OU0tleWVkQXJjaGl2ZXKoCwwXGBkdJCVVJG51bGzTDQ4PEBEUViRjbGFzc1dOUy5rZXlzWk5TLm9iamVjdHOAB6ISE4ACgAOiFRaABIAGWWFsaWFzRGF0YVxyZWxhdGl2ZVBhdGjSDRobHFdOUy5kYXRhgAVPEQJUAAAAAAJUAAIAAARob21lAAAAAAAAAAAAAAAAAAAAAAAAAAAAAAAAAAAATkoAAf////8fVGhlIEVmZmVjdHMgb2YgVHdvI0ZGRkZGRkZGLnBkZgAAAAAAAAAAAAAAAAAAAAAAAAAAAAAAAAAAAAAAAAAA/////wAAAAAAAAAAAAAAAAABAAIAABKBY3UAAAAAAAAAAAAAAAAAB1NvdXJjZXMAAAIAfS86TmV0d29yazpTZXJ2ZXJzOnN1bjpleHBvcnQ6aG9tZTpOOm5uaWNob2xzOkNvbXB1dGVyX1NjaWVuY2U6UmVzZWFyY2g6U291cmNlczpUaGUgRWZmZWN0cyBvZiBUd28gTmV3IENyb3Nzb3ZlciBPcGVyYXRvcnMucGRmAAAOAF4ALgBUAGgAZQAgAEUAZgBmAGUAYwB0AHMAIABvAGYAIABUAHcAbwAgAE4AZQB3ACAAQwByAG8AcwBzAG8AdgBlAHIAIABPAHAAZQByAGEAdABvAHIAcwAuAHAAZABmAA8ACgAEAGgAbwBtAGUAEgBcL04vbm5pY2hvbHMvQ29tcHV0ZXJfU2NpZW5jZS9SZXNlYXJjaC9Tb3VyY2VzL1RoZSBFZmZlY3RzIG9mIFR3byBOZXcgQ3Jvc3NvdmVyIE9wZXJhdG9ycy5wZGYAEwAgL05ldHdvcmsvU2VydmVycy9zdW4vZXhwb3J0L2hvbWUACQAtAC1jcmJtAABwb3N4L05ldHdvcmsvU2VydmVycy9zdW4vZXhwb3J0L2hvbWUAAAAVAAIAK///AADSHh8gIVgkY2xhc3Nlc1okY2xhc3NuYW1loyEiI11OU011dGFibGVEYXRhVk5TRGF0YVhOU09iamVjdF8QOS4uL1NvdXJjZXMvVGhlIEVmZmVjdHMgb2YgVHdvIE5ldyBDcm9zc292ZXIgT3BlcmF0b3JzLnBkZtIeHyYnoicjXE5TRGljdGlvbmFyeQAIABEAGgAfACkAMgA3ADoAPwBBAFMAXABiAGkAcAB4AIMAhQCIAIoAjACPAJEAkwCdAKoArwC3ALkDEQMWAx8DKgMuAzwDQwNMA4gDjQOQAAAAAAAAAgEAAAAAAAAAKAAAAAAAAAAAAAAAAAAAA50=}}

@inproceedings{Tsutsui99,
	Author = {Tsutsui, S. and Yamamura, M. and Higuchi, T.},
	Booktitle = {Proceedings of the genetic and evolutionary computation conference},
	Date-Added = {2012-09-22 13:15:23 -0500},
	Date-Modified = {2012-09-22 13:17:02 -0500},
	Pages = {657-664},
	Title = {Multi-parent recombination with simplex crossover in real coded genetic algorithms},
	Volume = {1},
	Year = {1999},
	Bdsk-File-1 = {YnBsaXN0MDDUAQIDBAUGCQpYJHZlcnNpb25UJHRvcFkkYXJjaGl2ZXJYJG9iamVjdHMSAAGGoNEHCFRyb290gAFfEA9OU0tleWVkQXJjaGl2ZXKoCwwXGBkdJCVVJG51bGzTDQ4PEBEUViRjbGFzc1dOUy5rZXlzWk5TLm9iamVjdHOAB6ISE4ACgAOiFRaABIAGWWFsaWFzRGF0YVxyZWxhdGl2ZVBhdGjSDRobHFdOUy5kYXRhgAVPEQJsAAAAAAJsAAIAAARob21lAAAAAAAAAAAAAAAAAAAAAAAAAAAAAAAAAAAATkoAAf////8fTXVsdGlwYXJlbnQgUmVjb21iI0ZGRkZGRkZGLnBkZgAAAAAAAAAAAAAAAAAAAAAAAAAAAAAAAAAAAAAAAAAA/////wAAAAAAAAAAAAAAAAABAAIAABKBY3UAAAAAAAAAAAAAAAAAB1NvdXJjZXMAAAIAgy86TmV0d29yazpTZXJ2ZXJzOnN1bjpleHBvcnQ6aG9tZTpOOm5uaWNob2xzOkNvbXB1dGVyX1NjaWVuY2U6UmVzZWFyY2g6U291cmNlczpNdWx0aXBhcmVudCBSZWNvbWJpbmF0aW9uIHdpdGggU2ltcGxleCBDcm9zc292ZXIucGRmAAAOAGoANABNAHUAbAB0AGkAcABhAHIAZQBuAHQAIABSAGUAYwBvAG0AYgBpAG4AYQB0AGkAbwBuACAAdwBpAHQAaAAgAFMAaQBtAHAAbABlAHgAIABDAHIAbwBzAHMAbwB2AGUAcgAuAHAAZABmAA8ACgAEAGgAbwBtAGUAEgBiL04vbm5pY2hvbHMvQ29tcHV0ZXJfU2NpZW5jZS9SZXNlYXJjaC9Tb3VyY2VzL011bHRpcGFyZW50IFJlY29tYmluYXRpb24gd2l0aCBTaW1wbGV4IENyb3Nzb3Zlci5wZGYAEwAgL05ldHdvcmsvU2VydmVycy9zdW4vZXhwb3J0L2hvbWUACQAtAC1jcmJtAABwb3N4L05ldHdvcmsvU2VydmVycy9zdW4vZXhwb3J0L2hvbWUAAAAVAAIAK///AADSHh8gIVgkY2xhc3Nlc1okY2xhc3NuYW1loyEiI11OU011dGFibGVEYXRhVk5TRGF0YVhOU09iamVjdF8QPy4uL1NvdXJjZXMvTXVsdGlwYXJlbnQgUmVjb21iaW5hdGlvbiB3aXRoIFNpbXBsZXggQ3Jvc3NvdmVyLnBkZtIeHyYnoicjXE5TRGljdGlvbmFyeQAIABEAGgAfACkAMgA3ADoAPwBBAFMAXABiAGkAcAB4AIMAhQCIAIoAjACPAJEAkwCdAKoArwC3ALkDKQMuAzcDQgNGA1QDWwNkA6YDqwOuAAAAAAAAAgEAAAAAAAAAKAAAAAAAAAAAAAAAAAAAA7s=}}

@incollection{Eiben95,
	Affiliation = {Utrecht University Department of Computer Science P.O. Box 80089 3508 TB Utrecht The Netherlands P.O. Box 80089 3508 TB Utrecht The Netherlands},
	Author = {Eiben, A.E. and van Kemenade, C. and Kok, J.},
	Booktitle = {Advances in Artificial Life},
	Date-Added = {2012-09-22 13:09:22 -0500},
	Date-Modified = {2012-09-25 10:19:11 -0500},
	Editor = {Mor{\'a}n, Federico and Moreno, Alvaro and Merelo, Juan and Chac{\'o}n, Pablo},
	Isbn = {978-3-540-59496-3},
	Keyword = {Computer Science},
	Pages = {934-945},
	Publisher = {Springer Berlin / Heidelberg},
	Series = {Lecture Notes in Computer Science},
	Title = {Orgy in the computer: Multi-parent reproduction in genetic algorithms},
	Volume = {929},
	Year = {1995},
	Bdsk-File-1 = {YnBsaXN0MDDUAQIDBAUGCQpYJHZlcnNpb25UJHRvcFkkYXJjaGl2ZXJYJG9iamVjdHMSAAGGoNEHCFRyb290gAFfEA9OU0tleWVkQXJjaGl2ZXKoCwwXGBkdJCVVJG51bGzTDQ4PEBEUViRjbGFzc1dOUy5rZXlzWk5TLm9iamVjdHOAB6ISE4ACgAOiFRaABIAGWWFsaWFzRGF0YVxyZWxhdGl2ZVBhdGjSDRobHFdOUy5kYXRhgAVPEQH8AAAAAAH8AAIAAARob21lAAAAAAAAAAAAAAAAAAAAAAAAAAAAAAAAAAAATkoAAf////8YT3JneSBJbiBUaGUgQ29tcHV0ZXIucGRmAAAAAAAAAAAAAAAAAAAAAAAAAAAAAAAAAAAAAAAAAAAAAAAAAAAA/////wAAAAAAAAAAAAAAAAABAAIAABKBY3UAAAAAAAAAAAAAAAAAB1NvdXJjZXMAAAIAZy86TmV0d29yazpTZXJ2ZXJzOnN1bjpleHBvcnQ6aG9tZTpOOm5uaWNob2xzOkNvbXB1dGVyX1NjaWVuY2U6UmVzZWFyY2g6U291cmNlczpPcmd5IEluIFRoZSBDb21wdXRlci5wZGYAAA4AMgAYAE8AcgBnAHkAIABJAG4AIABUAGgAZQAgAEMAbwBtAHAAdQB0AGUAcgAuAHAAZABmAA8ACgAEAGgAbwBtAGUAEgBGL04vbm5pY2hvbHMvQ29tcHV0ZXJfU2NpZW5jZS9SZXNlYXJjaC9Tb3VyY2VzL09yZ3kgSW4gVGhlIENvbXB1dGVyLnBkZgATACAvTmV0d29yay9TZXJ2ZXJzL3N1bi9leHBvcnQvaG9tZQAJAC0ALWNyYm0AAHBvc3gvTmV0d29yay9TZXJ2ZXJzL3N1bi9leHBvcnQvaG9tZQAAABUAAgAr//8AANIeHyAhWCRjbGFzc2VzWiRjbGFzc25hbWWjISIjXU5TTXV0YWJsZURhdGFWTlNEYXRhWE5TT2JqZWN0XxAjLi4vU291cmNlcy9Pcmd5IEluIFRoZSBDb21wdXRlci5wZGbSHh8mJ6InI1xOU0RpY3Rpb25hcnkACAARABoAHwApADIANwA6AD8AQQBTAFwAYgBpAHAAeACDAIUAiACKAIwAjwCRAJMAnQCqAK8AtwC5ArkCvgLHAtIC1gLkAusC9AMaAx8DIgAAAAAAAAIBAAAAAAAAACgAAAAAAAAAAAAAAAAAAAMv}}

@incollection{Eiben94,
	Affiliation = {Vrije Universiteit Amsterdam Artificial Intelligence Group Dept. of Mathematics and Computer Science De Boelelaan 1081a 1081HV Amsterdam De Boelelaan 1081a 1081HV Amsterdam},
	Author = {Eiben, A.E. and Rau{\'e}, P. and Ruttkay, Zs.},
	Booktitle = {Parallel Problem Solving from Nature --- PPSN III},
	Date-Added = {2012-09-22 13:07:28 -0500},
	Date-Modified = {2012-09-25 10:18:56 -0500},
	Editor = {Davidor, Yuval and Schwefel, Hans-Paul and M{\"a}nner, Reinhard},
	Isbn = {978-3-540-58484-1},
	Keyword = {Computer Science},
	Pages = {78-87},
	Publisher = {Springer Berlin / Heidelberg},
	Series = {Lecture Notes in Computer Science},
	Title = {Genetic algorithms with multi-parent recombination},
	Volume = {866},
	Year = {1994},
	Bdsk-File-1 = {YnBsaXN0MDDUAQIDBAUGCQpYJHZlcnNpb25UJHRvcFkkYXJjaGl2ZXJYJG9iamVjdHMSAAGGoNEHCFRyb290gAFfEA9OU0tleWVkQXJjaGl2ZXKoCwwXGBkdJCVVJG51bGzTDQ4PEBEUViRjbGFzc1dOUy5rZXlzWk5TLm9iamVjdHOAB6ISE4ACgAOiFRaABIAGWWFsaWFzRGF0YVxyZWxhdGl2ZVBhdGjSDRobHFdOUy5kYXRhgAVPEQJwAAAAAAJwAAIAAARob21lAAAAAAAAAAAAAAAAAAAAAAAAAAAAAAAAAAAATkoAAf////8fR2VuZXRpYyBBbGdvcml0aG1zI0ZGRkZGRkZGLnBkZgAAAAAAAAAAAAAAAAAAAAAAAAAAAAAAAAAAAAAAAAAA/////wAAAAAAAAAAAAAAAAABAAIAABKBY3UAAAAAAAAAAAAAAAAAB1NvdXJjZXMAAAIAhC86TmV0d29yazpTZXJ2ZXJzOnN1bjpleHBvcnQ6aG9tZTpOOm5uaWNob2xzOkNvbXB1dGVyX1NjaWVuY2U6UmVzZWFyY2g6U291cmNlczpHZW5ldGljIEFsZ29yaXRobXMgd2l0aCBNdWx0aXBhcmVudCBSZWNvbWJpbmF0aW9uLnBkZgAOAGwANQBHAGUAbgBlAHQAaQBjACAAQQBsAGcAbwByAGkAdABoAG0AcwAgAHcAaQB0AGgAIABNAHUAbAB0AGkAcABhAHIAZQBuAHQAIABSAGUAYwBvAG0AYgBpAG4AYQB0AGkAbwBuAC4AcABkAGYADwAKAAQAaABvAG0AZQASAGMvTi9ubmljaG9scy9Db21wdXRlcl9TY2llbmNlL1Jlc2VhcmNoL1NvdXJjZXMvR2VuZXRpYyBBbGdvcml0aG1zIHdpdGggTXVsdGlwYXJlbnQgUmVjb21iaW5hdGlvbi5wZGYAABMAIC9OZXR3b3JrL1NlcnZlcnMvc3VuL2V4cG9ydC9ob21lAAkALQAtY3JibQAAcG9zeC9OZXR3b3JrL1NlcnZlcnMvc3VuL2V4cG9ydC9ob21lAAAAFQACACv//wAA0h4fICFYJGNsYXNzZXNaJGNsYXNzbmFtZaMhIiNdTlNNdXRhYmxlRGF0YVZOU0RhdGFYTlNPYmplY3RfEEAuLi9Tb3VyY2VzL0dlbmV0aWMgQWxnb3JpdGhtcyB3aXRoIE11bHRpcGFyZW50IFJlY29tYmluYXRpb24ucGRm0h4fJieiJyNcTlNEaWN0aW9uYXJ5AAgAEQAaAB8AKQAyADcAOgA/AEEAUwBcAGIAaQBwAHgAgwCFAIgAigCMAI8AkQCTAJ0AqgCvALcAuQMtAzIDOwNGA0oDWANfA2gDqwOwA7MAAAAAAAACAQAAAAAAAAAoAAAAAAAAAAAAAAAAAAADwA==}}

@book{Russell10,
	Author = {Russell, Stuart and Norvig, Peter},
	Date-Added = {2012-09-22 12:55:00 -0500},
	Date-Modified = {2012-09-22 12:57:36 -0500},
	Edition = {Third},
	Publisher = {Prentice Hall},
	Title = {Artificial Intelligence: A Modern Approach},
	Year = {2010}}
